%% This BibTeX bibliography file was created using BibDesk.
%% http://bibdesk.sourceforge.net/


%% Created for Jeppe Knudsen at 2018-03-28 13:46:57 +0200 


%% Saved with string encoding Unicode (UTF-8) 



@article{HowGuitarPedalsWork,
	Author = {Gerlinda Grimes},
	Date-Added = {2018-03-28 11:14:04 +0000},
	Date-Modified = {2018-03-28 11:46:18 +0000},
	Day = {14},
	Journaltitle = {How Stuff Works},
	Month = {March},
	Title = {How Guitar Pedals work},
	Url = {https://electronics.howstuffworks.com/gadgets/audio-music/guitar-pedal1.htm},
	Year = {2011}}
