% Encoding: UTF-8




@book{Example,
	Author = {Author},
	Date-Added = {2017-04-25 07:30:37 +0000},
	Date-Modified = {2017-05-29 13:26:14 +0000},
	Options = {skipbib=true},
	Title = {Example},
	Year = {2017}}

@Conference{Baoming2016,
  author = {Qiao Baoming and Jin Liu and Yang Yufan},
  title  = {An Adaptive Algorithm for Grey Image Edge Detection Based on Grey Correlation Analysis},
  year   = {2016},
  venue  = {12th International Conference on Computational Intelligence and Security},
}

@Comment{jabref-meta: databaseType:biblatex;}
